@article{igarashi2001featherweight,
  title={Featherweight Java: a minimal core calculus for Java and GJ},
  author={Igarashi, Atsushi and Pierce, Benjamin C and Wadler, Philip},
  journal={ACM Transactions on Programming Languages and Systems (TOPLAS)},
  volume={23},
  number={3},
  pages={396--450},
  year={2001},
  publisher={ACM}
}

@inproceedings{mackay2012encoding,
  title={Encoding Featherweight Java with assignment and immutability using the Coq proof assistant},
  author={Mackay, Julian and Mehnert, Hannes and Potanin, Alex and Groves, Lindsay and Cameron, Nicholas},
  booktitle={Proceedings of the 14th Workshop on Formal Techniques for Java-like Programs},
  pages={11--19},
  year={2012},
  organization={ACM}
}

@inproceedings{delaware2011product,
  title={Product lines of theorems},
  author={Delaware, Benjamin and Cook, William and Batory, Don},
  booktitle={ACM SIGPLAN Notices},
  volume={46},
  number={10},
  pages={595--608},
  year={2011},
  organization={ACM}
}

@misc{castfree,
  title={Cast-Free Featherweight Java},
  author={Bruno De Fraine with help from Erik Ernst and Mario Sudholt},
  year={2008}
}

@inproceedings{kastner2008type,
  title={Type-checking software product lines-a formal approach},
  author={Kastner, Christian and Apel, Sven},
  booktitle={Automated Software Engineering, 2008. ASE 2008. 23rd IEEE/ACM International Conference on},
  pages={258--267},
  year={2008},
  organization={IEEE}
}
